<record><leader>00000cas a22000007a 4500</leader><controlfield tag="001">11936031</controlfield><controlfield tag="008">850418d1870187uwiudn ne      0    0eng d</controlfield><datafield ind1=" " ind2=" " tag="010"><subfield code="a">sn 85040534 </subfield></datafield><datafield ind1=" " ind2=" " tag="040"><subfield code="a">NPV</subfield><subfield code="b">eng</subfield><subfield code="c">NPV</subfield><subfield code="d">OCLCQ</subfield></datafield><datafield ind1=" " ind2=" " tag="042"><subfield code="a">msc</subfield></datafield><datafield ind1=" " ind2=" " tag="043"><subfield code="a">n-us-wi</subfield></datafield><datafield ind1=" " ind2=" " tag="045"><subfield code="a">w7w7</subfield></datafield><datafield ind1=" " ind2=" " tag="052"><subfield code="a">4123</subfield><subfield code="b">F6</subfield></datafield><datafield ind1="0" ind2=" " tag="130"><subfield code="a">Fond du Lac daily commonwealth (Fond du Lac, Wis. : 1870)</subfield></datafield><datafield ind1="1" ind2="4" tag="245"><subfield code="a">The Fond du Lac daily commonwealth.</subfield></datafield><datafield ind1="1" ind2="3" tag="246"><subfield code="a">Fond du Lac daily</subfield></datafield><datafield ind1=" " ind2=" " tag="260"><subfield code="a">Fond du Lac, Wis. :</subfield><subfield code="b">Watrous and Reid,</subfield><subfield code="c">1870-</subfield></datafield><datafield ind1=" " ind2=" " tag="300"><subfield code="a">v. :</subfield><subfield code="b">ill. (chiefly advertisements)</subfield></datafield><datafield ind1=" " ind2=" " tag="310"><subfield code="a">Daily (except Sun.)</subfield></datafield><datafield ind1="0" ind2=" " tag="362"><subfield code="a">Vol. 1, no. 8 (Aug. 30, 1870)-</subfield></datafield><datafield ind1=" " ind2=" " tag="500"><subfield code="a">Editor: J.A. Watrous, T.B. Reid, Aug. 30-Oct. 15, 1870.--J.A. Watrous, Oct. 17, 1870-</subfield></datafield><datafield ind1=" " ind2=" " tag="752"><subfield code="a">United States</subfield><subfield code="b">Wisconsin</subfield><subfield code="c">Fond du Lac</subfield><subfield code="d">Fond du Lac.</subfield></datafield><datafield ind1="0" ind2="0" tag="780"><subfield code="t">Fond du Lac daily</subfield><subfield code="w">(DLC)sn 85040533</subfield></datafield><datafield ind1="1" ind2=" " tag="029"><subfield code="a">AU@</subfield><subfield code="b">000025802222</subfield></datafield></record>